<?xml version="1.0" encoding="UTF-8"?>
  <record xmlns="http://www.loc.gov/MARC21/slim" type="Authority">
    <leader>00000nz  a2200000nc 4500</leader>
    <controlfield tag="001">118583158</controlfield>
    <controlfield tag="003">DE-101</controlfield>
    <controlfield tag="005">20220309171331.0</controlfield>
    <controlfield tag="008">880701n||azznnaabn           | aaa    |c</controlfield>
    <datafield tag="024" ind1="7" ind2=" ">
      <subfield code="a">118583158</subfield>
      <subfield code="0">http://d-nb.info/gnd/118583158</subfield>
      <subfield code="2">gnd</subfield>
    </datafield>
    <datafield tag="035" ind1=" " ind2=" ">
      <subfield code="a">(DE-101)118583158</subfield>
    </datafield>
    <datafield tag="035" ind1=" " ind2=" ">
      <subfield code="a">(DE-588)118583158</subfield>
    </datafield>
    <datafield tag="035" ind1=" " ind2=" ">
      <subfield code="z">(DE-588)174160771</subfield>
    </datafield>
    <datafield tag="035" ind1=" " ind2=" ">
      <subfield code="z">(DE-588a)174160771</subfield>
      <subfield code="9">v:zg</subfield>
    </datafield>
    <datafield tag="035" ind1=" " ind2=" ">
      <subfield code="z">(DE-588a)118583158</subfield>
      <subfield code="9">v:zg</subfield>
    </datafield>
    <datafield tag="035" ind1=" " ind2=" ">
      <subfield code="z">(DE-588c)4039936-9</subfield>
      <subfield code="9">v:zg</subfield>
    </datafield>
    <datafield tag="040" ind1=" " ind2=" ">
      <subfield code="a">DE-101</subfield>
      <subfield code="c">DE-101</subfield>
      <subfield code="9">r:DE-101</subfield>
      <subfield code="b">ger</subfield>
      <subfield code="d">9999</subfield>
      <subfield code="e">rda</subfield>
    </datafield>
    <datafield tag="042" ind1=" " ind2=" ">
      <subfield code="a">gnd1</subfield>
    </datafield>
    <datafield tag="043" ind1=" " ind2=" ">
      <subfield code="c">XX</subfield>
    </datafield>
    <datafield tag="065" ind1=" " ind2=" ">
      <subfield code="a">3.1p</subfield>
      <subfield code="2">sswd</subfield>
    </datafield>
    <datafield tag="065" ind1=" " ind2=" ">
      <subfield code="a">16.5p</subfield>
      <subfield code="2">sswd</subfield>
    </datafield>
    <datafield tag="075" ind1=" " ind2=" ">
      <subfield code="b">p</subfield>
      <subfield code="2">gndgen</subfield>
    </datafield>
    <datafield tag="075" ind1=" " ind2=" ">
      <subfield code="b">piz</subfield>
      <subfield code="2">gndspec</subfield>
    </datafield>
    <datafield tag="079" ind1=" " ind2=" ">
      <subfield code="a">g</subfield>
      <subfield code="q">e</subfield>
      <subfield code="q">f</subfield>
      <subfield code="q">n</subfield>
      <subfield code="q">s</subfield>
      <subfield code="u">v</subfield>
      <subfield code="u">w</subfield>
      <subfield code="u">o</subfield>
      <subfield code="u">z</subfield>
    </datafield>
    <datafield tag="083" ind1="0" ind2="4">
      <subfield code="a">297.63</subfield>
      <subfield code="9">d:3</subfield>
      <subfield code="9">t:2018-03-01</subfield>
      <subfield code="2">22/ger</subfield>
    </datafield>
    <datafield tag="100" ind1="0" ind2=" ">
      <subfield code="a">Muḥammad</subfield>
      <subfield code="d">570-632</subfield>
    </datafield>
    <datafield tag="375" ind1=" " ind2=" ">
      <subfield code="a">1</subfield>
      <subfield code="2">iso5218</subfield>
    </datafield>
    <datafield tag="400" ind1="0" ind2=" ">
      <subfield code="a">Muḥammad</subfield>
      <subfield code="c">Prophet</subfield>
      <subfield code="d">570-632</subfield>
    </datafield>
    <datafield tag="400" ind1="0" ind2=" ">
      <subfield code="a">Muhammad</subfield>
      <subfield code="c">der Prophet</subfield>
      <subfield code="d">570-632</subfield>
    </datafield>
    <datafield tag="400" ind1="0" ind2=" ">
      <subfield code="a">Muḥammad an-Nabī</subfield>
      <subfield code="d">570-632</subfield>
    </datafield>
    <datafield tag="400" ind1="0" ind2=" ">
      <subfield code="a">Muḥammad</subfield>
      <subfield code="c">Nabī</subfield>
      <subfield code="d">570-632</subfield>
    </datafield>
    <datafield tag="400" ind1="0" ind2=" ">
      <subfield code="a">Muḥammad Ibn-ʿAbdallāh Ibn-ʿAbd-al-Muṭṭalib</subfield>
      <subfield code="d">570-632</subfield>
    </datafield>
    <datafield tag="400" ind1="0" ind2=" ">
      <subfield code="a">Muḥammad Ibn-ʿAbdallāh</subfield>
      <subfield code="c">Prophet</subfield>
      <subfield code="d">570-632</subfield>
    </datafield>
    <datafield tag="400" ind1="0" ind2=" ">
      <subfield code="a">Muḥammad</subfield>
      <subfield code="c">Rasūl Allāh</subfield>
      <subfield code="d">570-632</subfield>
    </datafield>
    <datafield tag="400" ind1="0" ind2=" ">
      <subfield code="a">Muhhamad</subfield>
      <subfield code="c">Prophet</subfield>
      <subfield code="d">570-632</subfield>
    </datafield>
    <datafield tag="400" ind1="0" ind2=" ">
      <subfield code="a">Muhammad</subfield>
      <subfield code="d">570-632</subfield>
    </datafield>
    <datafield tag="400" ind1="0" ind2=" ">
      <subfield code="a">Muhamed</subfield>
      <subfield code="d">570-632</subfield>
    </datafield>
    <datafield tag="400" ind1="0" ind2=" ">
      <subfield code="a">Muhammed</subfield>
      <subfield code="d">570-632</subfield>
    </datafield>
    <datafield tag="400" ind1="0" ind2=" ">
      <subfield code="a">Muhammed</subfield>
      <subfield code="c">der Sohn Abdall</subfield>
      <subfield code="d">570-632</subfield>
    </datafield>
    <datafield tag="400" ind1="0" ind2=" ">
      <subfield code="a">Muḥammad Ibn-ʿAbdallāh</subfield>
      <subfield code="d">570-632</subfield>
    </datafield>
    <datafield tag="400" ind1="0" ind2=" ">
      <subfield code="a">Muhhammed</subfield>
      <subfield code="c">Prophet</subfield>
      <subfield code="d">570-632</subfield>
    </datafield>
    <datafield tag="400" ind1="0" ind2=" ">
      <subfield code="a">Muhammedanus</subfield>
      <subfield code="d">570-632</subfield>
    </datafield>
    <datafield tag="400" ind1="0" ind2=" ">
      <subfield code="a">Macometto</subfield>
      <subfield code="d">570-632</subfield>
    </datafield>
    <datafield tag="400" ind1="0" ind2=" ">
      <subfield code="a">Maometto</subfield>
      <subfield code="c">Profeta</subfield>
      <subfield code="d">570-632</subfield>
    </datafield>
    <datafield tag="400" ind1="0" ind2=" ">
      <subfield code="a">Machomet</subfield>
      <subfield code="d">570-632</subfield>
    </datafield>
    <datafield tag="400" ind1="0" ind2=" ">
      <subfield code="a">Mahmed</subfield>
      <subfield code="d">570-632</subfield>
    </datafield>
    <datafield tag="400" ind1="0" ind2=" ">
      <subfield code="a">Mahomed</subfield>
      <subfield code="d">570-632</subfield>
    </datafield>
    <datafield tag="400" ind1="0" ind2=" ">
      <subfield code="a">Mahomed</subfield>
      <subfield code="c">Prophet</subfield>
      <subfield code="d">570-632</subfield>
    </datafield>
    <datafield tag="400" ind1="0" ind2=" ">
      <subfield code="a">Mahommed</subfield>
      <subfield code="d">570-632</subfield>
    </datafield>
    <datafield tag="400" ind1="0" ind2=" ">
      <subfield code="a">Mahomet</subfield>
      <subfield code="c">Prophet</subfield>
      <subfield code="d">570-632</subfield>
    </datafield>
    <datafield tag="400" ind1="0" ind2=" ">
      <subfield code="a">Machomet</subfield>
      <subfield code="c">Prophet</subfield>
      <subfield code="d">570-632</subfield>
    </datafield>
    <datafield tag="400" ind1="0" ind2=" ">
      <subfield code="a">Mahoma</subfield>
      <subfield code="d">570-632</subfield>
    </datafield>
    <datafield tag="400" ind1="0" ind2=" ">
      <subfield code="a">Mahomet</subfield>
      <subfield code="d">570-632</subfield>
    </datafield>
    <datafield tag="400" ind1="0" ind2=" ">
      <subfield code="a">Mahumed</subfield>
      <subfield code="d">570-632</subfield>
    </datafield>
    <datafield tag="400" ind1="0" ind2=" ">
      <subfield code="a">Machumet</subfield>
      <subfield code="d">570-632</subfield>
    </datafield>
    <datafield tag="400" ind1="0" ind2=" ">
      <subfield code="a">Mahumetus</subfield>
      <subfield code="d">570-632</subfield>
    </datafield>
    <datafield tag="400" ind1="0" ind2=" ">
      <subfield code="a">Magomet</subfield>
      <subfield code="d">570-632</subfield>
    </datafield>
    <datafield tag="400" ind1="0" ind2=" ">
      <subfield code="a">Meḥmet</subfield>
      <subfield code="d">570-632</subfield>
    </datafield>
    <datafield tag="400" ind1="0" ind2=" ">
      <subfield code="a">Meḥmed</subfield>
      <subfield code="d">570-632</subfield>
    </datafield>
    <datafield tag="400" ind1="0" ind2=" ">
      <subfield code="a">Mehemmed</subfield>
      <subfield code="d">570-632</subfield>
    </datafield>
    <datafield tag="400" ind1="0" ind2=" ">
      <subfield code="a">Mohamad</subfield>
      <subfield code="d">570-632</subfield>
    </datafield>
    <datafield tag="400" ind1="0" ind2=" ">
      <subfield code="a">Mohamed</subfield>
      <subfield code="d">570-632</subfield>
    </datafield>
    <datafield tag="400" ind1="0" ind2=" ">
      <subfield code="a">Mohamed</subfield>
      <subfield code="c">Prophet</subfield>
      <subfield code="d">570-632</subfield>
    </datafield>
    <datafield tag="400" ind1="0" ind2=" ">
      <subfield code="a">Moḥammad</subfield>
      <subfield code="d">570-632</subfield>
    </datafield>
    <datafield tag="400" ind1="0" ind2=" ">
      <subfield code="a">Mohammed</subfield>
      <subfield code="c">Prophet</subfield>
      <subfield code="d">570-632</subfield>
    </datafield>
    <datafield tag="400" ind1="0" ind2=" ">
      <subfield code="a">Mohammed Ibn Abdallah</subfield>
      <subfield code="d">570-632</subfield>
    </datafield>
    <datafield tag="400" ind1="0" ind2=" ">
      <subfield code="a">Mohammed</subfield>
      <subfield code="c">Abdallah, Sohn</subfield>
      <subfield code="d">570-632</subfield>
    </datafield>
    <datafield tag="400" ind1="0" ind2=" ">
      <subfield code="a">Mohammed Filius Abdallae</subfield>
      <subfield code="d">570-632</subfield>
    </datafield>
    <datafield tag="400" ind1="0" ind2=" ">
      <subfield code="a">Mohammed</subfield>
      <subfield code="d">570-632</subfield>
    </datafield>
    <datafield tag="400" ind1="0" ind2=" ">
      <subfield code="a">Mohamet</subfield>
      <subfield code="d">570-632</subfield>
    </datafield>
    <datafield tag="400" ind1="0" ind2=" ">
      <subfield code="a">Mohamet</subfield>
      <subfield code="c">Prophet</subfield>
      <subfield code="d">570-632</subfield>
    </datafield>
    <datafield tag="400" ind1="0" ind2=" ">
      <subfield code="a">Mouhamed</subfield>
      <subfield code="d">570-632</subfield>
    </datafield>
    <datafield tag="400" ind1="1" ind2=" ">
      <subfield code="a">Baġdādī, Muḥammad Ibn-Sulaimān al-</subfield>
      <subfield code="d">570-632</subfield>
    </datafield>
    <datafield tag="400" ind1="0" ind2=" ">
      <subfield code="9">U:Arab</subfield>
      <subfield code="a">محمد بن عبد الله بن عبد المطلب</subfield>
      <subfield code="d">570-632</subfield>
    </datafield>
    <datafield tag="500" ind1="0" ind2=" ">
      <subfield code="0">(DE-101)118638335</subfield>
      <subfield code="0">(DE-588)118638335</subfield>
      <subfield code="0">https://d-nb.info/gnd/118638335</subfield>
      <subfield code="a">Chadidscha</subfield>
      <subfield code="d">555-619</subfield>
      <subfield code="4">bezf</subfield>
      <subfield code="4">https://d-nb.info/standards/elementset/gnd#familialRelationship</subfield>
      <subfield code="w">r</subfield>
      <subfield code="i">Beziehung familiaer</subfield>
      <subfield code="e">Beziehung familiaer</subfield>
      <subfield code="9">v:Ehefrau</subfield>
    </datafield>
    <datafield tag="500" ind1="0" ind2=" ">
      <subfield code="0">(DE-101)118532030</subfield>
      <subfield code="0">(DE-588)118532030</subfield>
      <subfield code="0">https://d-nb.info/gnd/118532030</subfield>
      <subfield code="a">Fatima</subfield>
      <subfield code="d">606-632</subfield>
      <subfield code="4">bezf</subfield>
      <subfield code="4">https://d-nb.info/standards/elementset/gnd#familialRelationship</subfield>
      <subfield code="w">r</subfield>
      <subfield code="i">Beziehung familiaer</subfield>
      <subfield code="e">Beziehung familiaer</subfield>
      <subfield code="9">v:Tochter</subfield>
    </datafield>
    <datafield tag="548" ind1=" " ind2=" ">
      <subfield code="a">570-632</subfield>
      <subfield code="4">datl</subfield>
      <subfield code="4">https://d-nb.info/standards/elementset/gnd#dateOfBirthAndDeath</subfield>
      <subfield code="w">r</subfield>
      <subfield code="i">Lebensdaten</subfield>
      <subfield code="9">v:Geburtsjahr ca.</subfield>
    </datafield>
    <datafield tag="548" ind1=" " ind2=" ">
      <subfield code="a">XX.XX.570-08.06.632</subfield>
      <subfield code="4">datx</subfield>
      <subfield code="4">https://d-nb.info/standards/elementset/gnd#dateOfBirthAndDeath</subfield>
      <subfield code="w">r</subfield>
      <subfield code="i">Exakte Lebensdaten</subfield>
    </datafield>
    <datafield tag="550" ind1=" " ind2=" ">
      <subfield code="0">(DE-101)041759427</subfield>
      <subfield code="0">(DE-588)4175942-4</subfield>
      <subfield code="0">https://d-nb.info/gnd/4175942-4</subfield>
      <subfield code="a">Prophet</subfield>
      <subfield code="4">berc</subfield>
      <subfield code="4">https://d-nb.info/standards/elementset/gnd#professionOrOccupation</subfield>
      <subfield code="w">r</subfield>
      <subfield code="i">Charakteristischer Beruf</subfield>
    </datafield>
    <datafield tag="550" ind1=" " ind2=" ">
      <subfield code="0">(DE-101)04177745X</subfield>
      <subfield code="0">(DE-588)4177745-1</subfield>
      <subfield code="0">https://d-nb.info/gnd/4177745-1</subfield>
      <subfield code="a">Religionsstifter</subfield>
      <subfield code="4">beru</subfield>
      <subfield code="4">https://d-nb.info/standards/elementset/gnd#professionOrOccupation</subfield>
      <subfield code="w">r</subfield>
      <subfield code="i">Beruf</subfield>
    </datafield>
    <datafield tag="550" ind1=" " ind2=" ">
      <subfield code="a">Religionsstifter</subfield>
      <subfield code="4">beru</subfield>
      <subfield code="4">https://d-nb.info/standards/elementset/gnd#professionOrOccupation</subfield>
      <subfield code="w">r</subfield>
      <subfield code="i">Beruf</subfield>
    </datafield>
    <datafield tag="667" ind1=" " ind2=" ">
      <subfield code="a">12-PMA</subfield>
    </datafield>
    <datafield tag="667" ind1=" " ind2=" ">
      <subfield code="a">VD-18</subfield>
    </datafield>
    <datafield tag="667" ind1=" " ind2=" ">
      <subfield code="a">Red. SSG</subfield>
    </datafield>
    <datafield tag="667" ind1=" " ind2=" ">
      <subfield code="a">VD-17</subfield>
    </datafield>
    <datafield tag="670" ind1=" " ind2=" ">
      <subfield code="a">LCAuth</subfield>
    </datafield>
    <datafield tag="670" ind1=" " ind2=" ">
      <subfield code="a">M</subfield>
    </datafield>
    <datafield tag="670" ind1=" " ind2=" ">
      <subfield code="a">B Wissen</subfield>
    </datafield>
    <datafield tag="672" ind1=" " ind2="0">
      <subfield code="a">Muḥammad: [Qurān]. - o. J.</subfield>
    </datafield>
    <datafield tag="672" ind1=" " ind2="0">
      <subfield code="a">Mahometis Abdallae filii theologia dialogo explicata</subfield>
      <subfield code="f">1543</subfield>
    </datafield>
    <datafield tag="672" ind1=" " ind2="0">
      <subfield code="a">L' Alcorano di Macometto</subfield>
      <subfield code="f">1547</subfield>
    </datafield>
    <datafield tag="672" ind1=" " ind2="0">
      <subfield code="a">Mohammedis Filii Abdaliae, pseudo-prophetae, fides islamitica, i.e. Al-Coranus</subfield>
      <subfield code="f">1671</subfield>
    </datafield>
    <datafield tag="672" ind1=" " ind2="0">
      <subfield code="a">Muḥammad: Bina capitula Alcorani</subfield>
      <subfield code="f">1688</subfield>
    </datafield>
    <datafield tag="672" ind1=" " ind2="0">
      <subfield code="a">Muḥammad: Al- Qurān wa-huwa širʿat al-islāmīja Muḥammad</subfield>
      <subfield code="f">1694</subfield>
    </datafield>
    <datafield tag="672" ind1=" " ind2="0">
      <subfield code="a">Muḥammad: Sura Korani XLV</subfield>
      <subfield code="f">1831</subfield>
    </datafield>
    <datafield tag="672" ind1=" " ind2="0">
      <subfield code="a">Muḥammad: Al- Qurān wa-huwa l-hudā wa-l-furqān</subfield>
      <subfield code="f">1834</subfield>
    </datafield>
    <datafield tag="672" ind1=" " ind2="0">
      <subfield code="a">Muḥammad: Al- Qurān wa-huwa l-hudā wa-l-furqān</subfield>
      <subfield code="f">1837</subfield>
    </datafield>
    <datafield tag="672" ind1=" " ind2="0">
      <subfield code="a">Muḥammad: Al- Qurān wa-huwa l-hudā wa-l-furqān</subfield>
      <subfield code="f">1869</subfield>
    </datafield>
    <datafield tag="678" ind1=" " ind2=" ">
      <subfield code="b">Stifter des Islam</subfield>
    </datafield>
    <datafield tag="700" ind1="1" ind2="7">
      <subfield code="0">(DLC)n  79130881</subfield>
      <subfield code="2">naf</subfield>
    </datafield>
    <datafield tag="700" ind1="0" ind2="4">
      <subfield code="9">U:Arab</subfield>
      <subfield code="a">محمد</subfield>
      <subfield code="d">570-632</subfield>
      <subfield code="5">DE-576</subfield>
      <subfield code="9">v:Original</subfield>
    </datafield>
    <datafield tag="913" ind1=" " ind2=" ">
      <subfield code="S">pnd</subfield>
      <subfield code="i">5</subfield>
      <subfield code="a">Muḥammad</subfield>
      <subfield code="0">(DE-588a)118583158</subfield>
    </datafield>
    <datafield tag="913" ind1=" " ind2=" ">
      <subfield code="S">pnd</subfield>
      <subfield code="i">5</subfield>
      <subfield code="a">Mohammed</subfield>
      <subfield code="0">(DE-588a)118583158</subfield>
    </datafield>
    <datafield tag="913" ind1=" " ind2=" ">
      <subfield code="S">pnd</subfield>
      <subfield code="i">5</subfield>
      <subfield code="a">Muhammad</subfield>
      <subfield code="0">(DE-588a)174160771</subfield>
    </datafield>
  </record>
